<record><leader>00000cas a2200000 a 4500</leader><controlfield tag="001">12347828</controlfield><controlfield tag="008">850805d19751978ksucr ne      0    0eng d</controlfield><datafield ind1=" " ind2=" " tag="010"><subfield code="a">sn 85031724 </subfield></datafield><datafield ind1=" " ind2=" " tag="040"><subfield code="a">KSH</subfield><subfield code="b">eng</subfield><subfield code="c">KSH</subfield><subfield code="d">NPT</subfield><subfield code="d">OCL</subfield><subfield code="d">OCLCQ</subfield></datafield><datafield ind1=" " ind2=" " tag="042"><subfield code="a">msc</subfield></datafield><datafield ind1="0" ind2="4" tag="245"><subfield code="a">The St. Marys star and valley ho!.</subfield></datafield><datafield ind1="3" ind2="0" tag="246"><subfield code="a">Saint Marys star and valley ho!</subfield></datafield><datafield ind1="3" ind2="0" tag="246"><subfield code="a">Valley ho! the St. Marys star</subfield></datafield><datafield ind1="1" ind2="3" tag="246"><subfield code="a">St. Marys star-valley ho!</subfield><subfield code="f">Nov. 4, 1975-May 30, 1978</subfield></datafield><datafield ind1="3" ind2="0" tag="246"><subfield code="a">Saint Marys star-valley ho!</subfield></datafield><datafield ind1=" " ind2=" " tag="260"><subfield code="a">St. Marys, Kan. :</subfield><subfield code="b">Roy A. &amp; Anita H. Holladay,</subfield><subfield code="c">1975-1978.</subfield></datafield><datafield ind1=" " ind2=" " tag="300"><subfield code="a">3 v. :</subfield><subfield code="b">ill. ;</subfield><subfield code="c">45 cm.</subfield></datafield><datafield ind1=" " ind2=" " tag="310"><subfield code="a">Semiweekly</subfield></datafield><datafield ind1="0" ind2=" " tag="362"><subfield code="a">92nd year, no. 39-B (Sept. 25, 1975)-95th year, no. 22-A (May 30, 1978).</subfield></datafield><datafield ind1=" " ind2=" " tag="500"><subfield code="a">Published on Tuesdays as: Valley ho! the St. Marys star.</subfield></datafield><datafield ind1=" " ind2=" " tag="752"><subfield code="a">United States</subfield><subfield code="b">Kansas</subfield><subfield code="c">Pottawatomie</subfield><subfield code="d">St. Marys.</subfield></datafield><datafield ind1="0" ind2="4" tag="780"><subfield code="t">St. Mary's star (St. Marys, Kan. : 1884)</subfield><subfield code="w">(DLC)sn 85031722</subfield></datafield><datafield ind1="0" ind2="4" tag="780"><subfield code="t">Valley ho!</subfield><subfield code="w">(DLC)sn 85031723</subfield></datafield><datafield ind1="0" ind2="0" tag="785"><subfield code="t">St. Marys star (St. Marys, Kan. : 1978)</subfield><subfield code="w">(DLC)sn 85031725</subfield></datafield></record>